<record><leader>00000cas a22000007a 4500</leader><controlfield tag="001">9709660</controlfield><controlfield tag="008">830716d19191933ohudn ne      0    0eng d</controlfield><controlfield tag="009">3783</controlfield><datafield ind1=" " ind2=" " tag="010"><subfield code="a">sn 83035356 </subfield></datafield><datafield ind1=" " ind2=" " tag="040"><subfield code="a">NPY</subfield><subfield code="b">eng</subfield><subfield code="c">NPY</subfield><subfield code="d">ONP</subfield><subfield code="d">OCL</subfield></datafield><datafield ind1="1" ind2=" " tag="029"><subfield code="a">AU@</subfield><subfield code="b">000025840876</subfield></datafield><datafield ind1=" " ind2=" " tag="042"><subfield code="a">msc</subfield></datafield><datafield ind1="0" ind2=" " tag="130"><subfield code="a">Hamilton daily news (Hamilton, Ohio : 1919)</subfield></datafield><datafield ind1="0" ind2="4" tag="245"><subfield code="a">The Hamilton daily news.</subfield></datafield><datafield ind1=" " ind2=" " tag="260"><subfield code="a">Hamilton, Ohio :</subfield><subfield code="b">Republican Pub. Co.,</subfield><subfield code="c">1919-1933.</subfield></datafield><datafield ind1=" " ind2=" " tag="300"><subfield code="a">v. :</subfield><subfield code="b">ill. ;</subfield><subfield code="c">61 cm.</subfield></datafield><datafield ind1=" " ind2=" " tag="310"><subfield code="a">Daily (except Sun.)</subfield></datafield><datafield ind1="0" ind2=" " tag="362"><subfield code="a">Oct. 4, 1919-Feb. 4, 1933.</subfield></datafield><datafield ind1=" " ind2=" " tag="500"><subfield code="a">"Republican." Cf. Gutgesell, S.  Guide to Ohio newspapers, 1974.</subfield></datafield><datafield ind1=" " ind2=" " tag="752"><subfield code="a">United States</subfield><subfield code="b">Ohio</subfield><subfield code="c">Butler</subfield><subfield code="d">Hamilton.</subfield></datafield><datafield ind1="0" ind2="0" tag="780"><subfield code="t">Daily Republican-news</subfield><subfield code="w">(DLC)sn 83035355</subfield></datafield><datafield ind1="0" ind2="7" tag="785"><subfield code="t">Hamilton evening journal</subfield><subfield code="w">(DLC)sn 88077321</subfield></datafield><datafield ind1="0" ind2="7" tag="785"><subfield code="t">Hamilton daily news journal</subfield><subfield code="w">(DLC)sn 88077322</subfield></datafield></record>